@Electronic{tiltBrush,
  year         = {2016},
  title        = {Tilt Brush},
  language     = {English},
  organization = {Google},
  note         = {Used to mention how the controllers can be represnted in VR.},
  url          = {https://www.tiltbrush.com/},
}

